<?xml version="1.0" encoding="UTF-8"?><collection xmlns="http://www.loc.gov/MARC21/slim"><record><leader>00357nam--2200121-i-4500</leader><controlfield tag="001">000005450</controlfield><controlfield tag="002">20161230</controlfield><controlfield tag="005">20161230201026</controlfield><controlfield tag="008">060222s1000------------r-----000-0-eng-d</controlfield><datafield ind1=" " ind2=" " tag="100"><subfield code="a">Cowan, G.A., Kleinberg, J</subfield></datafield><datafield ind1=" " ind2=" " tag="245"><subfield code="a">The radiocjemistry of fluorine, chlorine, bromine and iodine</subfield></datafield><datafield ind1=" " ind2=" " tag="260"><subfield code="a">Washington, U.S.Atomic Energy Commission, 1960 42p</subfield></datafield><datafield ind1=" " ind2=" " tag="852"><subfield code="a">16281</subfield></datafield></record></collection>